% This file was created with JabRef 2.7b.
% Encoding: UTF-8
@article{sliding_windows,
		title = {Detection of objects on the image using a sliding window mode},
		journal = {Optics & Laser Technology},
		volume = {27},
		number = {4},
		pages = {241 - 249},
		year = {1995},
		note = {Optics and Image Processing in Russia},
		issn = {0030-3992},
		doi = {https://doi.org/10.1016/0030-3992(95)93752-D},
		url = {http://www.sciencedirect.com/science/article/pii/003039929593752D},
		author = {N.I. Glumov and E.I. Kolomiyetz and V.V. Sergeyev}
}
@article{SVM,
author = {Evgeniou, Theodoros and Pontil, Massimiliano},
year = {2001},
month = {01},
pages = {249-257},
title = {Support Vector Machines: Theory and Applications},
volume = {2049},
doi = {10.1007/3-540-44673-7_12}
}

@article{HOG_algoritmo,
		title = {Histograms of Oriented Gradients for Human Detection},
		year = {2005},
		author = {Navneet Dalal and Bill Triggs}
}
@misc{LBP,
    author = {Wikipedia contributors},
    title = {Local binary patterns --- {Wikipedia}{,} The Free Encyclopedia},
    year = {2019},
    url = {https://en.wikipedia.org/w/index.php?title=Local_binary_patterns&oldid=917375615},
    note = {Online; accessed 13-December-2019]}
  }

@ARTICLE{Ledda,
	author 	= {Ledda Larcher and Enrique Biasoni and Carlos  Cattaneo and Ana Ruggeri and Cecilia Herrera},
	title 	= {Algoritmo para la deteccion de bordes y ulterior determinacion de Objetos en Imagenes Digitales},
	journal = {Asociacion de Mecanica Computacional},	
	year 	= {2011},
	pages 	= {2841-2852},
	month 	= {Noviembre},
	volume	= {XXX}
}
@ARTICLE{Naill,
	author 	= {Nallig Leal and John Willam Branch},
	title 	= {Traffic surveillance system base in image segmentation techniques},
	year 	= {2010},
	month 	= {Noviembre}
}
@ARTICLE{RoverMars,
	author 	= {Larry Matthies and Mark Maimone and Andrew Johnson and Yang Cheng and Reg Willson and Carlos Villapando and Steve Goldemberg and Andres Huertas},
	title 	= {Computer Vision on Mars},
	journal = {International Journal of Computer Vision},	
	year 	= {2007},
	month 	= {February}
}
@article{cubesatevolution,
        author={Poghosyan,A. and Golkar,A.},
        year={2017},
        title={CubeSat evolution: Analyzing CubeSat capabilities for conducting science missions},
        journal={Progress in Aerospace Sciences},
        volume={88},
        pages={59-83},
        language={English},
        url={www.scopus.com}
}
@article{inteligenciaACasali,
        author={Casali Ana},
        year={2015},
        title={¿Qué es la Inteligencia Artificial?},
        url={https://www.researchgate.net/}
}
@article{proposal,
        author={J Hosang and Benenson.R and Dollár.P  and Schiele B.},
        year={2015},
        title={What make for effective detection proposal?},
        journal   = {CoRR},
        volume    = {abs/1502.05082},
        year      = {2015},
        url       = {http://arxiv.org/abs/1502.05082},
        timestamp = {Wed, 07 Jun 2017 14:40:13 +0200},
        biburl    = {http://dblp.uni-trier.de/rec/bib/journals/corr/HosangBDS15},
        bibsource = {dblp computer science bibliography, http://dblp.org}
}
@article {edges,
  author    = {C. Lawrence Zitnick and Piotr Doll\'ar},
  title     = {Edge Boxes: Locating Object Proposals from Edges},
  booktitle = {ECCV},
  year      = {2014},
}
@article{bing,
  title={BING: Binarized Normed Gradients for Objectness Estimation at 300fps},
  author={Ming-Ming Cheng and Ziming Zhang and Wen-Yan Lin and Philip H. S. Torr},
  booktitle={IEEE CVPR},
  year={2014},
}
@article{bing2,
    author={Z. Duan and L. Miao and H. Wang},
    booktitle={2015 IEEE Advanced Information Technology, Electronic and Automation Control 		Conference (IAEAC)},
    title={Binarized normed gradients for object detection},
    year={2015},
    pages={1064-1068},
    doi={10.1109/IAEAC.2015.7428721},
}
@article{selectivesearch,
  title={Selective Search for Object Recognition},
  author={Uijlings,J.R.R  and van de Sande,K.E.A and Gevers,T and Smeulders,A.W.M},
  year={2014},
}
@ARTICLE{cnns,
  author={Lecun, Y. and Bottou, L. and Bengio, Y. and Haffner, P.},
  journal={Proceedings of the IEEE},
  title={Gradient-based learning applied to document recognition},
  year={1998},
  month=11,
  volume={86},
  number={11},
  ISSN={0018-9219},
  }
 @article{nms,
	author ={A. Neubeck and L. Van Gool},
	booktitle={18th International Conference on Pattern Recognition (ICPR'06)},
	title={Efficient Non-Maximum Suppression},
	year={2006},
	volume={3},
	pages={850-855},
	doi={10.1109/ICPR.2006.479},
	ISSN={1051-4651},
	month={},
}
@article{nms2,
  author    = {Jan Hendrik Hosang and
               Rodrigo Benenson and
               Bernt Schiele},
  title     = {Learning non-maximum suppression},
  journal   = {CoRR},
  volume    = {abs/1705.02950},
  year      = {2017},
  url       = {http://arxiv.org/abs/1705.02950},
}
%*************************articulos,estadodelarte*************************************
@Article{Cheang,
	author 	= {Koon, C. and Yong Haur,T. },
	title 	= {Using Convolutional Neural Networks to Count Palm Trees in Satellite Image},
	school 	= {Centre for Computing and Intelligent Systems},
	year 	= {2013},
}
@Article{pnn,
	author 	= {Iounousse, J. and Salah, E. and Ahmed,E. and Hassan,C.},
	title 	= {Using an unsupervised approach of Probabilistic Neural Network (PNN) for land use classification from multitemporal satellite images},
	school 	= {Faculty of Sciences and Techniques, Cadi Ayyad University, Marrakesh, Morocco},
	year 	= {2013},
}
@Article{detectionHOG,
	author={D. Konstantinidis and T. Stathaki and V. Argyriou and N. Grammalidis}, 
	title 	= {Building Detection Using Enhanced HOG–LBP Features and Region Refinement Processes},
	journal={IEEE Journal of Selected Topics in Applied Earth Observations and Remote Sensing}, 
	year 	= {2017},
}
@Article{usman,
	author  ={Usman Babawuro and Zou Beiji}, 
	title 	= {Satellite Imagery Cadastral Features Extractions using Image Processing Algorithms: A Viable Option for Cadastral Science},
	journal = {International Journal of Computer Science}, 
    school 	= {Department of Computer Science, Central South University, Changsha},
	year 	= {2012},
}
@Article{Kouyama,
	author  ={Kouyama,T.and Kanemura,Atsunori. and  Kato,Soushi. and Imamoglu, Nevrez and  Fukuhara,Tetsuya.and Nakamura, Ryosuke}, 
	title 	= {Satellite Attitude Determination and Map Projection Based on Robust Image Matching},
	journal = {Remote Sensing}, 
    school 	= {National Institute of Advanced Industrial Science and Technology (AIST), Tokyo, Japon},
	year 	= {2016},
}
@Article{Huggins,
	author={K. R. Huggins and M. A. McGrath and Y. F. Zheng and R. L. Ewing},  
	title 	= {Computer Vision Localization Based on Pseudo-Satellites},
	booktitle={Proceedings of the IEEE 2009 National Aerospace Electronics Conference (NAECON)}, 
	year 	= {2009},
}
@Article{Analysis_deep_network,
	author={A. Canziani and E Culurciello and A.Paszke},  
	title 	= {An analysis of deep neural network models for practical application},
	year 	= {2017},
}
%*************************LIBROS*************************************
@BOOK{Reinhard,
  author	= {Reinhard Klette},
  title		= {Concice Computer Vision: An Introduction into Theory and Algorithms},
  publisher	= {Springer},
  year		= {2014},
  isbn		={9781447163190},
  owner		= {Elbio},
}
@BOOK{Szeliski,
  author	= {Richard Szeliski},
  title		= {Computer Vision:Algorithms and Applications},
  publisher	= {Springer},
  year		= {2011},
  isbn		={978-1-84882-935-0},
  owner		= {Elbio},
}
@book{Mitchell,
 	author = {Mitchell, Thomas M.},
 	title = {Machine Learning},
 	year = {1997},
 	isbn = {0070428077, 9780070428072},
 	edition = {1},
 	publisher = {McGraw-Hill, Inc.},
 	address = {New York, NY, USA},
}
@book{chuvieco,
 	author = {Chuvieco, Emilio S.},
 	title = {Fundamentos de la teledeteccion espacial},
 	year = {1990},
 	isbn = {9788432131271},
 	edition = {3},
 	publisher = {McGraw-Hill, Inc.},
}
@book{sommerville,
 author = {Sommerville, Ian},
 title = {Software Engineering: (Update) (8th Edition) (International Computer Science)},
 year = {2006},
 isbn = {0321313798},
 publisher = {Addison-Wesley Longman Publishing Co., Inc.},
 address = {Boston, MA, USA},
}

@book{inteligenciaA,
 author = {Stuart J Russell and Norving Peter},
 title = {Inteligencia Artificial:Un Enfoque moderno},
 year = {2004},
 isbn = {8420054003},
 publisher = {Pearson.},
}
@book{bishop,
 author = {Christoper Bishop},
 title = {Pattern Recognition and Machine Learning},
 year = {2006},
 isbn = { 0-387-31073-8},
 publisher = {Springer.},
}
@book{murphy,
 author = {Kevin Murphy},
 title = {Machine Learning: A Probabilistic Perspective},
 year = {2012},
 isbn = {978-0-262-01802-9},
 publisher = {Massachusetts Institute of Technology},
}
@book{bernd,
 author = {Bernd Jahne},
 title = {Handbook of Computer Vision and Applications},
 year = {1999},
 isbn = {0–12–379770–5},
 publisher = {University of California, San Diego},
}
@book{patternrecognition,
 author = {Theodoridis,S. and Koutrou M Bas,K},
 title = {Pattern Recogniton: second edition},
 year = {2003},
 isbn = {0-12-685875-6},
 publisher = {Department of Informatics and Telecommunications, Grecia},
}
%*************************TESIS*************************************

@MastersThesis{Sobrado,
	author 	= {Eddie Sobrado},
	title 	= {Sistema de visión artificial para el reconocimiento y manipulación de objetos utilizando un brazo robot},
	school 	= {Pontificia Universisdad Católica del Perú},
	year 	= {2003}
}
@MastersThesis{Brent,
  author 	= {Brent Edward Tweddle},
  title 	= {Computer Vision Based Navigation for Spacecraft Proximity Operations},
  school 	= {Department of Aeronautics and Astronautics},
  year 		= {2010},
  month 	= {Enero}
}
@MastersThesis{Lanillos,
  author 	= {Pablo Lanillos},
  title 	= {Sistema de Identificación y seguimientos de superficies geográficas basadas en UAV con visión artificial},
  school 	= {Universidad Complutense de Madrid},
  year 		= {2008},
  month 	= {Enero}
}
@MastersThesis{percepcion,
  author 	= {Alberto Ruiz Garcia},
  title 	= {Sistema de Percepción y Visión por Computador},
  school 	= {Universidad de Murcia},
  year 		= {2015},
  month 	= {Febrero}
}

%*************************INTERNET*************************************
@ELECTRONIC{Computer,
  author	 = {{Computer Vision, Image Processing, and Pattern Recognition}},
  title		 = {http://ippr-aceh.blogspot.com.ar/2016/04/what-is-computer-vision.html},
  note       = "[Accedido 07-Diciembre-2016]"
}
@ELECTRONIC{areascv,
  author	 = {Yolanda González Cid},
  title		 = {Aplicaciones de la visión artificial},
  url	 	 = {http://dmi.uib.es/~ygonzalez/VI/Material_del_Curso/Teoria/Aplicaciones_VC.PDF},
  year 		 = {2016},
  note       = "[Accedido 16-Junio-2017]"
}
@ELECTRONIC{cnnsarticle,
  author	 = {Ujjwal Karn},
  title	 	 = {An Intuitive Explanation of Convolutional Neural Networks},
  url		 = {https://ujjwalkarn.me/2016/08/11/intuitive-explanation-convnets/},
  year 		 = {2016},
  note       = "[Accedido 15-Junio-2017]"
}
